<record><leader>00000cas a22000007a 4500</leader><controlfield tag="001">22711726</controlfield><controlfield tag="008">901119d19371947maudn ne      0    0eng d</controlfield><datafield ind1=" " ind2=" " tag="010"><subfield code="a">sn 89063368 </subfield></datafield><datafield ind1=" " ind2=" " tag="040"><subfield code="a">MGN</subfield><subfield code="b">eng</subfield><subfield code="c">MGN</subfield><subfield code="d">OCLCQ</subfield></datafield><datafield ind1=" " ind2=" " tag="042"><subfield code="a">msc</subfield></datafield><datafield ind1="0" ind2="0" tag="245"><subfield code="a">Norwood daily messenger.</subfield></datafield><datafield ind1=" " ind2=" " tag="260"><subfield code="a">Norwood, Mass. :</subfield><subfield code="b">Norwood Messenger, Inc.</subfield></datafield><datafield ind1=" " ind2=" " tag="300"><subfield code="a">v.</subfield></datafield><datafield ind1=" " ind2=" " tag="310"><subfield code="a">Daily (except Sat. and Sun.),</subfield><subfield code="b">Sept. 16, 1940-1947</subfield></datafield><datafield ind1=" " ind2=" " tag="321"><subfield code="a">Daily (except Sun.),</subfield><subfield code="b">1937-Sept. 13, 1940</subfield></datafield><datafield ind1="0" ind2=" " tag="362"><subfield code="a">41st year, no. 76 (Apr. 29, 1937)-53rd year, no. 28 (Dec. 5, 1947).</subfield></datafield><datafield ind1=" " ind2=" " tag="752"><subfield code="a">United States</subfield><subfield code="b">Massachusetts</subfield><subfield code="c">Norfolk</subfield><subfield code="d">Norwood.</subfield></datafield><datafield ind1="0" ind2="0" tag="780"><subfield code="t">Daily messenger (Norwood, Mass.)</subfield><subfield code="w">(DLC)sn 89063367</subfield></datafield><datafield ind1="0" ind2="0" tag="785"><subfield code="t">Norwood messenger (Norwood, Mass. : 1947)</subfield><subfield code="w">(DLC)sn 89063369</subfield></datafield></record>